<?xml version="1.0" encoding="UTF-8"?><collection xmlns="http://www.loc.gov/MARC21/slim"><record><leader>00467nam--2200133-i-4500</leader><controlfield tag="001">000019518</controlfield><controlfield tag="002">20161230</controlfield><controlfield tag="005">20161230201033</controlfield><controlfield tag="008">060222s1000------------r-----000-0-eng-d</controlfield><datafield ind1=" " ind2=" " tag="080"><subfield code="a">539.58(043):615(043)</subfield></datafield><datafield ind1=" " ind2=" " tag="100"><subfield code="a">Djiane, Alain</subfield></datafield><datafield ind1=" " ind2=" " tag="245"><subfield code="a">Etude physique de la compression de substances cristallines.imfluence de differents facteurs sur les cycles de compression et sur la cohesion des comprimes</subfield></datafield><datafield ind1=" " ind2=" " tag="260"><subfield code="a">Paris, Universite Paris-sud, 1973. 276 P</subfield></datafield><datafield ind1=" " ind2=" " tag="852"><subfield code="a">40684</subfield></datafield></record></collection>